@INPROCEEDINGS{mem_alloc,
  author={Zhang, Zhishen and Shen, Yuwen and Sun, Binqi and Kloda, Tomasz and Caccamo, Marco},
  booktitle={2022 IEEE 27th International Conference on Emerging Technologies and Factory Automation (ETFA)}, 
  title={Memory allocation for low-power real-time embedded microcontroller: a case study}, 
  year={2022},
  volume={},
  number={},
  pages={1-4},
  doi={10.1109/ETFA52439.2022.9921611}}

@inproceedings{pwr_clock,
  title={Power clocks: Dynamic multi-clock management for embedded systems},
  author={Chiang, Holly and Ayers, Hudson},
  booktitle={6th Annual International Conference on Distributed Computing in Sensor Systems (DCOSS 2020)},
  year={2021}
}

@techreport{low_power,
    author = {Sylvain Montagny},
    title = {Low Power modes on STM32} ,
    institution = {Université Savoie Mont Blanc},
    year = {2021},
    howpublished = {\url{https://scem-eset.univ-smb.fr/wp-content/uploads/2021/06/Mastering-Low-Power-in-STM32.pdf}},
}

@article{energy_meas,
  title={Energy Measurement, Modeling, and Prediction for Processors with Frequency Scaling
},
  author={Thomas Rauber, Gudula Runger, Michael Schwind, Simon Melzner, Haibin Xu},
  year={2014},
  publisher={Springer},
  journaltitle={The Journal of Supercomputing}, 
  pages={pp 1451-1476},
  volume={70}
}

@custom{use_ccm,
title={Use STM32F3/STM32G4 CCM SRAM with IAR Embedded Workbench®, Keil® MDK-ARM, STMicroelectronics STM32CubeIDE and other GNUbased toolchains}
}

@misc{benchmark, 
title={TACLe Benchmarks}, 
howpublished = {\url{https://github.com/tacle/tacle-bench}},
note={Accessed 10/07/2023}

}